<record><leader>00000cas a2200000 a 4500</leader><controlfield tag="001">31704774</controlfield><controlfield tag="008">941216d19821983nyuer ne      0    0eng c</controlfield><datafield ind1=" " ind2=" " tag="010"><subfield code="a">sn 95071072 </subfield></datafield><datafield ind1=" " ind2=" " tag="040"><subfield code="a">NYS</subfield><subfield code="b">eng</subfield><subfield code="c">NYS</subfield><subfield code="d">OCLCQ</subfield><subfield code="d">OCLCF</subfield><subfield code="d">OCLCO</subfield></datafield><datafield ind1="1" ind2=" " tag="029"><subfield code="a">AU@</subfield><subfield code="b">000011579728</subfield></datafield><datafield ind1=" " ind2=" " tag="042"><subfield code="a">pcc</subfield></datafield><datafield ind1=" " ind2=" " tag="043"><subfield code="a">n-us-ny</subfield></datafield><datafield ind1="0" ind2=" " tag="130"><subfield code="a">Trader (Island Park, N.Y.)</subfield></datafield><datafield ind1="1" ind2="4" tag="245"><subfield code="a">The trader.</subfield></datafield><datafield ind1="1" ind2="3" tag="246"><subfield code="a">Island Park trader</subfield></datafield><datafield ind1="1" ind2="3" tag="246"><subfield code="a">Trader fortnightly</subfield></datafield><datafield ind1=" " ind2=" " tag="260"><subfield code="a">Island Park, N.Y. :</subfield><subfield code="b">Trader Newspapers Co.,</subfield><subfield code="c">1982-1983.</subfield></datafield><datafield ind1=" " ind2=" " tag="300"><subfield code="a">2 v.</subfield></datafield><datafield ind1=" " ind2=" " tag="310"><subfield code="a">Biweekly</subfield></datafield><datafield ind1="0" ind2=" " tag="362"><subfield code="a">Vol. 1, no. 1 (Dec. 2, 1982)-v. 2, no. 22 (Nov. 3, 1983).</subfield></datafield><datafield ind1=" " ind2=" " tag="500"><subfield code="a">Geographic areas covered: Harbor Isle, Barnum Isle, North Long Beach, Atlantic Beach, Point Lookout, and Lido Beach.</subfield></datafield><datafield ind1=" " ind2="0" tag="651"><subfield code="a">Island Park (N.Y.)</subfield><subfield code="v">Newspapers.</subfield></datafield><datafield ind1=" " ind2="0" tag="651"><subfield code="a">Nassau County (N.Y.)</subfield><subfield code="v">Newspapers.</subfield></datafield><datafield ind1=" " ind2="7" tag="655"><subfield code="a">Newspapers.</subfield><subfield code="2">fast</subfield><subfield code="0">(OCoLC)fst01423814</subfield></datafield><datafield ind1=" " ind2="7" tag="651"><subfield code="a">New York (State)</subfield><subfield code="z">Island Park.</subfield><subfield code="2">fast</subfield><subfield code="0">(OCoLC)fst01229335</subfield></datafield><datafield ind1=" " ind2="7" tag="651"><subfield code="a">New York (State)</subfield><subfield code="z">Nassau County.</subfield><subfield code="2">fast</subfield><subfield code="0">(OCoLC)fst01205518</subfield></datafield><datafield ind1=" " ind2=" " tag="752"><subfield code="a">United States</subfield><subfield code="b">New York</subfield><subfield code="c">Nassau</subfield><subfield code="d">Island Park.</subfield></datafield><datafield ind1="0" ind2=" " tag="775"><subfield code="a">Oceanside trader</subfield></datafield><datafield ind1="0" ind2="0" tag="785"><subfield code="t">Island Park trader</subfield><subfield code="w">(DLC)sn 84007748</subfield><subfield code="w">(OCoLC)10649071</subfield></datafield></record>